@inproceedings{kour2014real,
  title={Real-time segmentation of on-line handwritten arabic script},
  author={Kour, George and Saabne, Raid},
  booktitle={Frontiers in Handwriting Recognition (ICFHR), 2014 14th International Conference on},
  pages={417--422},
  year={2014},
  organization={IEEE}
}

@article{greenberg2006improved,
  title={Improved structure-adaptive anisotropic filter},
  author={Greenberg, Shlomo and Kogan, Daniel},
  journal={Pattern Recognition Letters},
  volume={27},
  number={1},
  pages={59--65},
  year={2006},
  publisher={Elsevier}
}
@inproceedings{wang2008structure,
  title={Structure-adaptive anisotropic filter with local structure tensors},
  author={Wang, Wei and Gao, Jinghuai and Li, Kang},
  booktitle={2008 Second International Symposium on Intelligent Information Technology Application},
  volume={2},
  pages={1005--1010},
  year={2008},
  organization={IEEE}
}
@inproceedings{kurt2012medical,
  title={Medical images enhancement by using anisotropic filter and clahe},
  author={Kurt, Bur{\c{c}}in and Nabiyev, Vasif V and Turhan, Kemal},
  booktitle={2012 International Symposium on Innovations in Intelligent Systems and Applications},
  pages={1--4},
  year={2012},
  organization={IEEE}
}

@article{montagnat2003anisotropic,
  title={Anisotropic filtering for model-based segmentation of 4D cylindrical echocardiographic images},
  author={Montagnat, Johan and Sermesant, Maxime and Delingette, Herv{\'e} and Malandain, Gr{\'e}goire and Ayache, Nicholas},
  journal={Pattern Recognition Letters},
  volume={24},
  number={4-5},
  pages={815--828},
  year={2003},
  publisher={Elsevier}
}
@article{atkins1998fully,
  title={Fully automatic segmentation of the brain in MRI},
  author={Atkins, M Stella and Mackiewich, Blair T},
  journal={IEEE transactions on medical imaging},
  volume={17},
  number={1},
  pages={98--107},
  year={1998},
  publisher={IEEE}
}


